
@book{marcin_lis_php_2012,
	edition = {2},
	title = {{PHP} i {MySQL}. {Dla} każdego},
	publisher = {Helion},
	author = {Marcin Lis},
	month = dec,
	year = {2012}
}

@book{andrzej_kierzkowski_php5._2008,
	edition = {2},
	title = {{PHP}5. {Tworzenie} stron {WWW}. Ćwiczenia praktyczne},
	publisher = {Helion},
	author = {Andrzej Kierzkowski},
	month = oct,
	year = {2008}
}